@book{snaka,
    author = {Anna {Snakowska}},
    title = {Teoria pola akustycznego zastosowana do badania układów o symetrii cylindrycznej},
    year = {2018},
    publisher = {Wydawnictwo AGH},
    location = {Kraków}
}

@inproceedings{hq_rendering,
    title={High-quality acoustic rendering with wave field synthesis},
    author={Sascha {Spors} and Heinz {Teutsch} and Rudolf {Rabenstein}},
    organization={vmv},
    year = {2002},
    pages = {101-108}
}

@conference{delay,
    title = {Efficient delay interpolation for wave field synthesis},
    author = {Andreas {Franck} and Karlheinz {Brandenburg} and Ulf {Richter}},
    booktitle = {Audio Engineering Society convention 125},
    month = {oct},
    year = {2008},
}

@phdthesis{enhancement,
    title={Direct sound enhancement by wave field synthesis},
    author={Evert Walter {Start}},
    year={1997},
    faculty = {applied sciences},
    school={Delft University of Technology}
}
